<?xml version="1.0" encoding="UTF-8"?><collection xmlns="http://www.loc.gov/MARC21/slim"><record><leader>00551nam--2200193-u-4500</leader><controlfield tag="001">000052916</controlfield><controlfield tag="002">20161230</controlfield><controlfield tag="005">20161230201050</controlfield><controlfield tag="008">101129s1000------------r-----000-0-rus-d</controlfield><datafield ind1=" " ind2=" " tag="040"><subfield code="a">IFIN-HH</subfield></datafield><datafield ind1=" " ind2=" " tag="041"><subfield code="a">rus</subfield></datafield><datafield ind1=" " ind2=" " tag="080"><subfield code="a">681.785</subfield></datafield><datafield ind1="1" ind2=" " tag="100"><subfield code="a">Kruger, M.Ia</subfield></datafield><datafield ind1="1" ind2="0" tag="245"><subfield code="a">Sprabocinik konstruktora opriko-maheniceskih priborov</subfield><subfield code="c">M.ia. kryger; b.a. panov; v.v. kulagin; g.v. pogarev; ia.m. kruger; a.m. levinzon</subfield></datafield><datafield ind1=" " ind2=" " tag="260"><subfield code="a">Moskva</subfield><subfield code="b">Nauka</subfield><subfield code="c">1963</subfield></datafield><datafield ind1=" " ind2=" " tag="300"><subfield code="a">803P</subfield></datafield><datafield ind1="1" ind2=" " tag="700"><subfield code="a">Levinzon, A.M</subfield></datafield><datafield ind1=" " ind2=" " tag="852"><subfield code="a">77274</subfield><subfield code="c">535</subfield></datafield><datafield ind1=" " ind2=" " tag="CAT"><subfield code="a">Sys</subfield><subfield code="c">20101129</subfield><subfield code="h">101122</subfield></datafield></record></collection>